@misc{ 
    scmp,
    title = {{China to stamp out cryptocurrency trading completely with ban on foreign platforms}},
    author = {Xie Yu},
    howpublished = {\href{http://www.scmp.com/business/banking-finance/article/2132009/china-stamp-out-cryptocurrency-trading-completely-ban}{http://www.scmp.com/business/banking-finance/article/2132009/china-stamp-out-cryptocurrency-trading-completely-ban}},
    note = {Accessed: 2018-03-26}
}

@misc{ 
    coinbase,
    title = {{Coinbase Support: Identity Verification}},
    howpublished = {\href{https://support.coinbase.com/customer/portal/articles/1220621}{https://support.coinbase.com/customer/portal/articles/1220621}},
    note = {Accessed: 2018-03-26}
}

@misc{ 
    zerox,
    title = {{Tutorials for the 0x Token Sale Registration
}},
	author = {Alex Wu},
    howpublished = {\href{https://blog.0xproject.com/tutorials-for-the-0x-token-sale-registration-766064955d12}{https://blog.0xproject.com/tutorials-for-the-0x-token-sale-registration-766064955d12}},
    note = {Accessed: 2018-03-26}
}

@misc{ 
    digicert,
    title = {{What is an SSL Certificate and How Does it Work?}},
    howpublished = {\href{https://www.digicert.com/ssl/}{https://www.digicert.com/ssl/}},
    note = {Accessed: 2018-03-26}
}

@misc{ 
    evssl,
    title = {{History of SSL Certificate}},
    howpublished = {\href{https://www.evsslcertificate.com/ssl/ssl-history.html}{https://www.evsslcertificate.com/ssl/ssl-history.html}},
    note = {Accessed: 2018-03-26}
}

@misc{ 
    cabforum,
    title = {{CA Browser Forum}},
    howpublished = {\href{https://cabforum.org/}{https://cabforum.org/}},
    note = {Accessed: 2018-03-26}
}

@misc{ 
    verisign,
    title = {{Verisign}},
    howpublished = {\href{https://verisign.com/}{https://verisign.com/}},
    note = {Accessed: 2018-03-26}
}

@misc{ 
    letsencrypt,
    title = {{Let's Encrypt}},
    howpublished = {\href{https://letsencrypt.org/}{https://letsencrypt.org/}},
    note = {Accessed: 2018-03-26}
}

@misc{ 
    x509,
    title = {{X.509 Certificate}},
    howpublished = {\href{http://searchsecurity.techtarget.com/definition/X509-certificate}{http://searchsecurity.techtarget.com/definition/X509-certificate}},
    note = {Accessed: 2018-03-26}
}

@misc{ 
    ethereum,
    title = {{Ethereum Project}},
    howpublished = {\href{https://ethereum.org/}{https://ethereum.org/}},
    note = {Accessed: 2018-03-26}
}

@misc{ 
    openzeppelin,
    title = {{OpenZeppelin}},
    howpublished = {\href{https://openzeppelin.org/}{https://openzeppelin.org/}},
    note = {Accessed: 2018-03-26}
}
